@article{natural-equivalence,
title={General theory of natural equivalences},
author={Samuel Eilenberg \& Saunders Mac~Lane} ,
year={1945},
doi={10.1090/S0002-9947-1945-0013131-6},
journal={Transactions of the American Mathematical Society}}

@book{working,
title={Categories for the working mathematician},
author={Saunders Mac Lane},
edition={2},
year={1978},
isbn={978-1-4419-3123-8},
doi={10.1007/978-1-4757-4721-8}
}


@book{groupoid,
title={Topology and Groupoids},
subtitle={A geometric account of general topology, homotopy types, and the fundamental groupoid},
author={Ronald Brown},
isbn={1-4196-2722-8},
year={2020}}

@article{rosetta,
title={Physics, topology, logic and computation: a Rosetta stone},
author={John C Baez \& Mike Stay},
year={2009},
url={https://arxiv.org/abs/0903.0340},
doi={10.1007/978-3-642-12821-9_2}
}

@book{aluffi0,
title={Algebra Chapter 0},
author={Paolo Aluffi},
series={Graduate studies in mathematics},
volume={104},
publisher={American Mathematical Society},
address={Providence, \textsc{ri}},
isbn={978-0-8218-4781-7},
year={2009}
}

@book{lee-smooth,
title={Introduction to Smooth Manifolds},
author={John M Lee}
}

@misc{russel-photo,
title={Bertrand Russell 1949},
author={Yousuf Karsh},
url={https://commons.wikimedia.org/wiki/File:Bertrand_Russell_1949.jpg}
}

@misc{wiki-cobord,
title={Cobordism},
author={Wikipedia},
url={https://en.wikipedia.org/wiki/Cobordism}
}

@misc{wiki-group-obj,
title={Group object},
author={Wikipedia},
url={https://en.wikipedia.org/wiki/Group_object}
}

@book{lang-alg,
title={Algebra},
author={Serge Lang},
edition={3},
publisher={Springer-Verlag},
series={Graduate texts in mathematics},
isbn={0-387-95385-X},
year={2002},
address={New York}
}

@misc{nlab-diag,
author={nlab},
title={Diagonal morphism},
url={https://ncatlab.org/nlab/show/diagonal+morphism}}

@misc{wiki-max-mod,
author={Wikipedia},
title={Maximum modulus principle},
url={https://en.wikipedia.org/wiki/Maximum_modulus_principle}
}

@misc{wiki-liouville,
author={Wikipedia},
title={Lioville's theorem (complex analysis)},
url={https://en.wikipedia.org/wiki/Liouville\%27s_theorem_(complex_analysis)}
}


@misc{wiki-sheaf,
author={Wikipedia},
title={Sheaf (mathematics)},
url={https://en.wikipedia.org/wiki/Sheaf_(mathematics)}
}

@book{rising-sea2024,
author={Ravi Vakil},
title={The rising sea},
subtitle={Foundations of algebraic geometry},
year={2024},
url={https://math.stanford.edu/~vakil/216blog/}
}

@book{dummit+foote,
author={David S Dummit \& Richard M Foote},
title={Abstract Algebra},
edition={3},
publisher={John Wiley \& Sons, Inc.},
year={2004}
}

@book{real+functional,
author={Serge Lang},
title={Real and functional analysis},
edition={3},
publisher={Springer},
series={Graduate texts in mathematics},
year={1993}
}
